@online{jda-github,
  title   = {JDA: Java Discord API},
  author  = {Austin Keener, Florian Spieß},
  year    = {2024},
  urldate = {2024-05-20},
  version = {v5.0.0-beta.24},
  url     = {https://github.com/discord-jda/JDA}
}

@online{jda-wiki,
  author  = {Austin Keener, Florian Spieß},
  title   = {JDA (Java Discord API) Documentation},
  year    = {2024},
  url     = {https://jda.wiki/introduction/jda/},
  urldate = {2024-05-25},
  version = {v5.0.0-beta.24},
}

@online{discord-guide,
    author = {{Discord}},
    title = {Beginner's Guide to Discord},
    year = {2024},
    url = {https://support.discord.com/hc/en-us/articles/360045138571-Beginner-s-Guide-to-Discord},
    urldate = {2024-05-22}
}

@online{discord-developer,
    author = {{Discord}},
    title = {Discord Developer Portal},
    year = {2024},
    url = {https://discord.com/developers/docs/intro},
    urldate = {2024-05-25}
}

@online{discord-privacy,
    author = {{Discord}},
    title = {Discord Privacy Policy},
    year = {2024},
    url = {https://discord.com/privacy#2},
    urldate = {2024-05-25}
}